@misc{COJAC,
  title = {COJAC - Boosting arithmetic capabilities of Java numbers},
  year = {2019},
  publisher = {GitHub},
  journal = {GitHub repository},
  howpublished = {\url{https://github.com/Cojac/Cojac}},
  commit = {853e536204aa71f73b5f5844b60827e2c9cebbe4}
}